
@book{burdenfaires,

    author    = {Richard Burden, Douglas Faires, Annette Burden},
    title     = {Numerical Analysis},
    publisher = {Cengage},
    year      = {2014}
}

@book{linaer_algebra,
    author = {Gilbert Strang},
    title = {Linear Algebra and Learning from Data},
    publisher = {Wellesley- Cambridge Press},
    year = {2019}
}

@misc{wikipedia_cosine_similarity,
  author       = {Wikipedia contributors},
  title        = {Cosine similarity --- Wikipedia{,} The Free Encyclopedia},
  year         = {2024},
  url          = {https://en.wikipedia.org/wiki/Cosine_similarity},
}

